---
---

@article{Lab1,
  title = {Learning with a Fusion Center},
  abbr={Lab 1},
  year={Day 1},
  journal={Following Lecture 2},
  preview={true},
}

@article{Lab2,
  title = {Decentralized Learning},
  abbr={Lab 2},
  journal={Following Lecture 4},
  year={Day 2},
  preview={true},
}

@article{Lab3,
  title = {MNIST Learning over Networks},
  abbr={Lab 3},
  journal={Following Lecture 5},
  year={Day 3},
  preview={true},
}
