---
---
@article{Lecture0,
  title = {Background Material on Matrices, Probability and Vector Calculus},
  notes={Lecture0.html},
  slides={Lecture0.pdf},
  video={Lecture0.mp4},
  abbr={Lecture 0},
  journal={Pre-reading},
  year={Day 0},
  preview={true},
}

@article{Lecture1,
  title = {Foundations in Deterministic and Stochastic Optimization},
  notes={Lecture1/lecture1/index.html},
  slides={Lecture1.pdf},
  video={Lecture1.mp4},
  abbr={Lecture 1},
  journal={Morning},
  year={Day 1},
  preview={true},
}

@article{Lecture2,
  title = {Asynchronous and Federated Learning},
  notes={Lecture2.html},
  slides={Lecture2.pdf},
  video={Lecture2.mp4},
  abbr={Lecture 2},
  journal={Afternoon},
  year={Day 1},
  preview={true},
}

@article{Lecture3,
  title = {Graphs and their Role in Decentralized Processing},
  notes={Lecture3.html},
  slides={Lecture3.pdf},
  video={Lecture3.mp4},
  abbr={Lecture 3},
  journal={Morning},
  year={Day 2},
  preview={true},
}

@article{Lecture4,
  title = {Algorithms for Decentralized Optimization and Learning},
  abbr={Lecture 4},
  notes={Lecture4.html},
  slides={Lecture4.pdf},
  video={Lecture4.mp4},
  journal={Afternoon},
  year={Day 2},
  preview={true},
}

@article{Lecture5,
  title = {Performance Guarantees and Trade-Offs},
  notes={Lecture5.html},
  slides={Lecture5.pdf},
  video={Lecture5.mp4},
  abbr={Lecture 5},
  journal={Morning},
  year={Day 3},
  preview={true},
}

@article{Lecture6,
  title = {Advanced Topics and Open Problems},
  notes={Lecture6.html},
  slides={Lecture6.pdf},
  video={Lecture6.mp4},
  abbr={Lecture 6},
  journal={Afternoon},
  year={Day 3},
  preview={true},
}
